<record><leader>00000cas a22000007a 4500</leader><controlfield tag="001">19822779</controlfield><controlfield tag="008">890606d19521964moudn ne      0    0eng d</controlfield><datafield ind1=" " ind2=" " tag="010"><subfield code="a">sn 89066342 </subfield></datafield><datafield ind1=" " ind2=" " tag="040"><subfield code="a">MQN</subfield><subfield code="b">eng</subfield><subfield code="c">MQN</subfield><subfield code="d">OCLCQ</subfield></datafield><datafield ind1=" " ind2=" " tag="042"><subfield code="a">msc</subfield></datafield><datafield ind1="0" ind2=" " tag="130"><subfield code="a">Republican-times and Grundy County gazette (Trenton, Mo. : Daily)</subfield></datafield><datafield ind1="1" ind2="0" tag="245"><subfield code="a">Republican-times and Grundy County gazette.</subfield></datafield><datafield ind1=" " ind2=" " tag="260"><subfield code="a">Trenton, Mo. :</subfield><subfield code="b">W.B. Rogers Print. Co.,</subfield><subfield code="c">1952-1964.</subfield></datafield><datafield ind1=" " ind2=" " tag="300"><subfield code="a">v.</subfield></datafield><datafield ind1=" " ind2=" " tag="310"><subfield code="a">Daily (except Sun.)</subfield></datafield><datafield ind1="0" ind2=" " tag="362"><subfield code="a">71st year, no. 125 (Jan. 31, 1952)-83rd year, no. 157 (Mar. 7, 1964).</subfield></datafield><datafield ind1=" " ind2=" " tag="752"><subfield code="a">United States</subfield><subfield code="b">Missouri</subfield><subfield code="c">Grundy</subfield><subfield code="d">Trenton.</subfield></datafield><datafield ind1="0" ind2=" " tag="775"><subfield code="t">Republican-times and Grundy County gazette (Trenton, Mo. : Weekly)</subfield><subfield code="w">(DLC)sn 89066372</subfield></datafield><datafield ind1="0" ind2="4" tag="780"><subfield code="t">Republican-times (Trenton, Mo. : Daily)</subfield><subfield code="w">(DLC)sn 89066360</subfield></datafield><datafield ind1="0" ind2="4" tag="780"><subfield code="t">Grundy County gazette (Spickard, Mo. : 1910)</subfield><subfield code="w">(DLC)sn 89066341</subfield></datafield><datafield ind1="0" ind2="0" tag="785"><subfield code="t">Trenton republican-times (Trenton, Mo. : 1964)</subfield><subfield code="w">(DLC)sn 89066343</subfield></datafield></record>